@article{LSW05,
author = {Long, Brad and Strooper, Paul and Wildman, Luke},
journal = {Concurrency and Computation: Practice and Experience},
number = {3},
pages = {281--294},
title = {{A method for verifying concurrent {Java} components based on an analysis of concurrency failures}},
volume = {19},
year = {2007}
}

@inproceedings{FNWG09,
author = {Forrest, Stephanie and Nguyen, ThanhVu and Weimer, Westley and Goues, Claire Le},
booktitle = {Proc. of Genetic And Evolutionary Computation Conf. (GECCO 2009)},
pages = {947--954},
title = {{A genetic programming approach to automated software repair}},
year = {2009}
}

@inproceedings{AY08,
author = {Arcuri, Andrea and Yao, Xin},
booktitle = {Proc. of IEEE Congress on Evolutionary Computation (CEC 2008)},
pages = {162--168},
title = {{A novel co-evolutionary approach to automatic software bug fixing}},
year = {2008}
}

@inproceedings{Arc08,
author = {Arcuri, Andrea},
booktitle = {Proc. of Int. Conf. on Soft. Eng. (ICSE 2008)},
pages = {1003--1006},
title = {{On the automation of fixing software bugs}},
year = {2008}
}

@article{CB05,
title={DIRA: Automatic Detection, Identification, and Repair of Control-Hijacking Attacks},
journal={New York},
author={Chiueh, Alexey Smirnov Tzi-cker and Brook, Stony},
year={2005}
}

@article{GA92,
title={An Overview of Genetic Algorithms},
volume={21},
number={6},
journal={Kybernetes},
publisher={Citeseer},
author={Galletly, John E},
year={1992},
pages={26--30}
}

@inproceedings{Har+10,
author = {Harman, M},
booktitle = {Proc. of 13th Int. Conf. on Fundamental Approaches to Soft. Eng. (FASE 2010)},
pages = {1--12},
title = {{Why the Virtual Nature of Software Makes it Ideal for Search Based Optimization}},
year = {2010}
}

@article{Har10,
author = {Harman, Mark},
journal = {Communications of the ACM},
month = {may},
number = {5},
title = {{Automated patching techniques: the fix is in: technical perspective}},
volume = {53},
year = {2010}
}

@inproceedings{KLT+07,
author = {Krena, Bohuslav and Letko, Zdenek and Tzoref-Brill, Rachel and Ur, Shmuel and Vojnar, Tomas},
booktitle = {Proc. of 5th Int. Works. on Parallel and Distributed Systems: Testing, Analysis, and Debugging (PADTAD'07)},
pages = {54--64},
title = {{Healing Data Races On-The-Fly}},
year = {2007}
}

@inproceedings{LVK08,
author = {Letko, Zdenek and Vojnar, Tomas and Krena, Bohuslav},
booktitle = {Proc. of 6th Int. Works. on Parallel and Distributed Systems: Testing, Analysis, and Debugging (PADTAD'08)},
pages = {1--10},
title = {{AtomRace: Data Race and Atomicity Violation Detector and Healer}},
year = {2008}
}

@inproceedings{WT10,
author = {Wilkerson, Josh L. and Tauritz, Daniel},
booktitle = {Proc. of Genetic And Evolutionary Computation Conf. (GECCO 2010)},
pages = {1391--1392},
title = {{Coevolutionary automated software correction}},
year = {2010}
}

@inproceedings{WNLF09,
author = {Weimer, Westley and Nguyen, ThanhVu and {Le Goues}, Claire and Forrest, Stephanie},
booktitle = {Proc. of 31st Int. Conf. on Soft. Eng. (ICSE 2009)},
pages = {364--374},
title = {{Automatically finding patches using genetic programming}},
year = {2009}
}

@article{WFGN10,
author = {Weimer, Westley and Forrest, Stephanie and Goues, Claire Le and Nguyen, ThanhVu},
journal = {Communications of the ACM},
month = {may},
number = {5},
title = {{Automatic program repair with evolutionary computation}},
volume = {53},
year = {2010}
}

@inproceedings{NWLF09,
author = {Nguyen, ThanhVu and Weimer, Westley and {Le Goues}, Claire and Forrest, Stephanie},
booktitle = {Proc. of 2nd Int. Works. on Search-Based Soft. Testing (SBST 2009)},
pages = {152--153},
title = {{Using Execution Paths to Evolve Software Patches}},
year = {2009}
}

@article{GNFW11,
author={Le Goues, C. and Nguyen, T. and Forrest, S. and Weimer, W.},
journal={Software Engineering, IEEE Transaction on},
title={GenProg: A Generic Method for Automatic Software Repair},
year={2011},
volume={X},
pages={1--19}
}

@article{EFN+02,
author = {Edelstein, Orit and Farchi, Eitan and Nir, Yarden and Ratsaby, Gil and Ur, Shmuel},
journal = {IBM Systems Journal},
number = {1},
pages = {111--125},
title = {Multithreaded {Java} program test generation.},
volume = {41},
year = {2002}
}

@article{AY07, 
title={Model and Program Repair via SAT Solving}, 
url={http://arxiv.org/abs/0710.3332}, 
author={Attie, Paul C and Saklawi, Jad}, 
year={2007}, 
pages={29}
}

@article{LSW07,
 author = {Long, Brad and Strooper, Paul and Wildman, Luke},
 journal = {Concurrency and Computation: Practice \& Experience - Parallel and Distributed Systems: Testing and Debugging (PADTAD)},
 month = {mar},
 number = {3},
 pages = {281--294},
 title = {{A method for verifying concurrent Java components based on an analysis of concurrency failures}},
 volume = {19},
 year = {2007}
}


@inproceedings{NA07,
 author = {Naik, Mayur and Aiken, Alex},
 booktitle = {POPL '07 Proceedings of the 34th annual ACM SIGPLAN-SIGACT symposium on Principles of programming languages},
 month = {jan},
 number = {1},
 pages = {327--338},
 publisher = {ACM},
 title = {{Conditional must not aliasing for static race detection}},
 volume = {42},
 year = {2007}
}

@inproceedings{NPSG09,
 author = {Naik, Mayur and Park, Chang-Seo and Sen, Koushik and Gay, David},
 booktitle = {IEEE 31st International Conference on Software Engineering, 2009. ICSE 2009},
 pages = {386--396},
 publisher = {IEEE},
 title = {{Effective static deadlock detection}},
 year = {2009}
}

@article{HP04,
 author = {Hovemeyer, David and Pugh, William},
 journal = {ACM SIGPLAN Notices},
 month = {dec},
 number = {12},
 pages = {92--106},
 title = {{Finding bugs is easy}},
 volume = {39},
 year = {2004}
}

@inproceedings{JNPS09,
 author = {Joshi, Pallavi and Naik, Mayur and Park, C.S. and Sen, Koushik},
 booktitle = {Proc. 21st International Conference on Computer Aided Verification (CAV'09)},
 pages = {675--681},
 publisher = {Springer},
 title = {{Calfuzzer: An extensible active testing framework for concurrent programs}},
 year = {2009}
}

@inproceedings{BJ09,
 author = {Bradbury, Jeremy S and Jalbert, Kevin},
 booktitle = {Proc. of the 3rd International Workshop on Software Patterns and Quality (SPAQu'09)},
 pages = {6--11},
 title = {{Defining a Catalog of Programming Anti-Patterns for Concurrent Java}},
 year = {2009}
}

@article{SL05,
 author = {Sutter, Herb and Larus, James},
 journal = {Queue},
 number = {7},
 pages = {54--62},
 publisher = {ACM},
 title = {{Software and the concurrency revolution}},
 volume = {3},
 year = {2005}
}

@article{CHP91,
 author = {Cordy, J.R. and Halpern-Hamu, C.D. and Promislow, E.},
 journal = {Computer Languages},
 number = {1},
 pages = {97--107},
 publisher = {Elsevier},
 title = {{TXL: A rapid prototyping system for programming language dialects}},
 volume = {16},
 year = {1991}
}

@inproceedings{RTI02,
 author = {{Research Triangle Institute}},
 booktitle = {Program Office Strategic Planning and Economic Group},
 month = {may},
 pages = {309},
 publisher = {National Institute of Standards and Technology},
 title = {{The Economic Impacts of Inadequate Infrastructure for Software Testing. Planning Report 02-3}},
 year = {2002}
}

@inproceedings{CM08,
 author = {Chen, Jun and MacDonald, Steve},
 booktitle = {Proc. of the 6th workshop on Parallel and distributed systems (PADTAD '08)},
 pages = {1--9},
 publisher = {ACM},
 title = {{Towards a better collaboration of static and dynamic analyses for testing concurrent programs}},
 year = {2008}
}

@article{EHSU06,
 author = {Eytani, Yaniv and Havelund, Klaus and Stoller, Scott D and Ur, Shmuel},
 journal = {Concurrency and Computation: Practice \& Experience},
 number = {3},
 pages = {267--279},
 title = {{Toward a Framework and Benchmark for Testing Tools for Multi-Threaded Programs}},
 volume = {19},
 year = {2006}
}

@inproceedings{RM09,
 author = {Rungta, Neha and Mercer, Eric G.},
 booktitle = {Proceedings of the 7th Workshop on Parallel and Distributed Systems Testing, Analysis, and Debugging - PADTAD '09},
 pages = {1--10},
 publisher = {ACM Press},
 title = {{Clash of the Titans: Tools and Techniques for Hunting Bugs in Concurrent Programs}},
 year = {2009}
}

@inproceedings{KLVU10,
 author = {KÅ™ena, Bohuslav and Letko, Zden\v{e}k and Vojnar, Tom\'{a}\v{s} and Ur, Shmuel},
 booktitle = {Proceedings of the 8th Workshop on Parallel and Distributed Systems Testing, Analysis, and Debugging - PADTAD '10},
 pages = {48--58},
 publisher = {ACM Press},
 title = {{A platform for search-based testing of concurrent software}},
 year = {2010}
}

@inproceedings{HSU03,
 author = {Havelund, Klaus and Stoller, Scott D and Ur, Shmuel},
 booktitle = {Proc. of the 17th International Symposium on Parallel and Distributed Processing (IPDPS '03)},
 pages = {1--8},
 publisher = {IEEE Computer Society},
 title = {{Benchmark and Framework for Encouraging Research on Multi-Threaded Testing Tools}},
 year = {2003},
}

@inproceedings{RDH03,
 author = {Robby and Dwyer, Matthew B. and Hatcliff, John},
 booktitle = {Proceedings of the 9th European software engineering conference held jointly with 10th ACM SIGSOFT international symposium on Foundations of software engineering - ESEC/FSE '03},
 number = {5},
 pages = {267--276},
 publisher = {ACM Press},
 title = {{Bogor: an extensible and highly-modular software model checking framework}},
 volume = {28},
 year = {2003},
}

@inproceedings{HP00,
 author = {Havelund, Klaus and Pressburger, Thomas},
 booktitle = {International Journal on Software Tools for Technology Transfer (STTT)},
 number = {4},
 pages = {366--381},
 title = {{Model checking Java programs using Java PathFinder}},
 volume = {2},
 year = {2000},
}

@inproceedings{BHPV00,
 author = {Brat, Guillaume and Havelund, Klaus and Park, Seungjoon and Visser, Willem},
 booktitle = {Proceedings of the Workshop on Advances in Verification},
 pages = {7},
 title = {{Java PathFinder - A second generation of a Java model checker}},
 year = {2000},
}

@inproceedings{JM04,
 author = {Jones, Michael and Mercer, Eric G.},
 booktitle = {In International SPIN Workshop on Software Model Checking (SPINâ€™04)},
 pages = {146--150},
 publisher = {Springer Berlin / Heidelberg},
 title = {{Explicit state model checking with Hopper}},
 year = {2004},
}

@techreport{MQB07,
 author = {Musuvathi, Madanlal and Qadeer, Shaz and Ball, Thomas},
 institution = {Microsoft Research},
 pages = {16},
 publisher = {Microsoft Research},
 title = {{CHESS: A Systematic Testing Tool for Concurrent Software}},
 year = {2007},
}

@inproceedings{OM03,
 author = {Owen, David and Menzies, Tim},
 booktitle = {Proc. of the 15th International Conference on Software Engineering \& Knowledge Engineering (SEKE 2003)},
 pages = {158--165},
 title = {{Lurch: a Lightweight Alternative to Model Checking}},
 year = {2003},
}

@article{Holz97,
 author = {Holzmann, Gerard J.},
 journal = {IEEE Transactions on Software Engineering},
 month = {may},
 number = {5},
 pages = {279--295},
 title = {{The model checker SPIN}},
 volume = {23},
 year = {1997}
}

@inproceedings{BCD06,
 author = {Jeremy S. Bradbury, James R. Cordy and Juergen Dingel},
 booktitle = {Proc. of the 2nd Workshop on Mutation Analysis (Mutation 2006)},
 pages = {83-92},
 title = {{Mutation Operators for Concurrent Java (J2SE 5.0)}},
 year = {2006},
}

@inproceedings{PHD11,
 title = {Reading beside the lines: Using indentation to rank revisions by complexity},
 year = {2011},
 author = {Daryl Posnett and Abram Hindle and Prem Devanbu},
 booktitle = {Proceedings of the 8th International Working Conference on Mining Software Repositories, MSR 2011 (Co-located with ICSE), Waikiki, Hawaii, 2011, Proceedings},
 pages = {10}
 }
