@article{LSW05,
  author = {Long, Brad and Strooper, Paul and Wildman, Luke},
  journal = {Concurrency and Computation: Practice and Experience},
  number = {3},
  pages = {281--294},
  title = {{A method for verifying concurrent {Java} components based on an analysis of concurrency failures}},
  volume = {19},
  year = {2007}
}

@inproceedings{ETU08,
author = {Eytani, Yaniv and Tzoref, Rachel and Ur, Shmuel},
booktitle = {Proc. of Software Testing Benchmark Work. (TESTBENCH'08)},
title = {Experience with a Concurrency Bugs Benchmark},
year = {2008}
}

@inproceedings{NU07,
  title={ConTest listeners: a concurrency-oriented infrastructure for Java test and heal tools},
  author={Nir-Buchbinder, Y. and Ur, S.},
  booktitle={Fourth international workshop on Software quality assurance: in conjunction with the 6th ESEC/FSE joint meeting},
  pages={9--16},
  year={2007},
  organization={ACM}
}

@inproceedings{FNWG09,
  author = {Forrest, Stephanie and Nguyen, ThanhVu and Weimer, Westley and {Le Goues}, Claire},
  booktitle = {Proc. of Genetic and Evolutionary Computation Conf. (GECCO'09)},
  pages = {947--954},
  title = {{A genetic programming approach to automated software repair}},
  year = {2009}
}

@inproceedings{AY08,
  author = {Arcuri, Andrea and Yao, Xin},
  booktitle = {Proc. of IEEE Congress on Evolutionary Computation (CEC'08)},
  pages = {162--168},
  title = {{A novel co-evolutionary approach to automatic software bug fixing}},
  year = {2008}
}

@inproceedings{Arc08,
  author = {Arcuri, Andrea},
  booktitle = {Proc. of Int. Conf. on Soft. Eng. (ICSE'08)},
  pages = {1003--1006},
  title = {On the automation of fixing software bugs},
  year = {2008}
}

@article{CB05,
    author = {Smirnov, Alexey and Chiueh, Tzi-cker},
    title = {Dira: Automatic detection, identification and repair of control-hijacking attacks},
    booktitle = {In NDSS},
    year = {2005}
}

@article{GA92,
  title={An Overview of Genetic Algorithms},
  volume={21},
  number={6},
  journal={Kybernetes},
  publisher={Citeseer},
  author={Galletly, {John E}},
  year={1992},
  pages={26--30}
}

@inproceedings{Har+10,
  author = {Harman, M},
  booktitle = {Proc. of Int. Conf. on Fundamental Approaches to Software Engineering (FASE'10)},
  pages = {1--12},
  title = {{Why the Virtual Nature of Software Makes it Ideal for Search Based Optimization}},
  year = {2010}
}

@article{Har10,
  author = {Harman, Mark},
  journal = {Communications of the ACM},
  month = {May},
  number = {5},
  title = {{Automated patching techniques: the fix is in: technical perspective}},
  volume = {53},
  year = {2010}
}

@inproceedings{KLT+07,
 author = {Krena, Bohuslav and Letko, Zdenek and Tzoref, Rachel and Ur, Shmuel and Vojnar, Tom\'{a}\v{s}},
  booktitle = {Proc. of Work. on Parallel and Distributed Sys.: Testing, Analysis, and Debugging (PADTAD'07)},
  pages = {54--64},
  title = {{Healing Data Races On-The-Fly}},
  year = {2007}
}

@inproceedings{LVK08,
  author = {Letko, Zdenek and Vojnar, Tomas and Krena, Bohuslav},
  booktitle = {Proc. of Work. on Parallel and Distributed Sys.: Testing, Analysis, and Debugging (PADTAD'08)},
  title = {{AtomRace: Data Race and Atomicity Violation Detector and Healer}},
  year = {2008}
}

@inproceedings{WT10,
  author = {Wilkerson, {Josh L.} and Tauritz, Daniel},
  booktitle = {Proc. of Genetic and Evolutionary Computation Conf. (GECCO'10)},
  pages = {1391--1392},
  title = {{Coevolutionary automated software correction}},
  year = {2010}
}

@inproceedings{WNLF09,
  author = {Weimer, Westley and others},
  booktitle = {Proc. of Int. Conf. on Soft. Eng. (ICSE'09)},
  pages = {364--374},
  title = {{Automatically finding patches using genetic programming}},
  year = {2009}
}

@article{WFGN10,
  author = {Weimer, Westley and Forrest, Stephanie and {Le Goues}, Claire and Nguyen, ThanhVu},
  journal = {Communications of the ACM},
  month = {May},
  number = {5},
  title = {{Automatic program repair with evolutionary computation}},
  volume = {53},
  year = {2010}
}

@inproceedings{NWLF09,
  author = {Nguyen, ThanhVu and Weimer, Westley and {Le Goues}, Claire and Forrest, Stephanie},
  booktitle = {Proc. of 2nd Int. Work. on Search-Based Software Testing (SBST'09)},
  pages = {152--153},
  title = {{Using Execution Paths to Evolve Software Patches}},
  year = {2009}
}

@article{GNFW11,
  author={{Le Goues}, C. and Nguyen, T. and Forrest, S. and Weimer, W.},
  journal={Software Engineering, IEEE Transactions on},
  title={GenProg: A Generic Method for Automatic Software Repair},
  year={2011},
  volume={X},
  pages={1--19}
}

@article{EFN+02,
  author = {Edelstein, Orit and Farchi, Eitan and Nir, Yarden and Ratsaby, Gil and Ur, Shmuel},
  journal = {IBM Systems Journal},
  number = {1},
  pages = {111--125},
  title = {Multithreaded {Java} program test generation.},
  volume = {41},
  year = {2002}
}

@article{AY07, 
title={Model and Program Repair via SAT Solving}, 
volume={19}, 
url={http://arxiv.org/abs/0710.3332}, 
number={6}, 
journal={Arxiv preprint arXiv:0710.3332},
publisher={Elsevier Ltd}, 
author={Attie, {Paul C} and Saklawi, Jad}, 
year={2007}, 
pages={29}
}

@article{LSW07,
  author = {Long, Brad and Strooper, Paul and Wildman, Luke},
  journal = {Concurrency and Computation: Practice \& Experience},
  month = {Mar.},
  number = {3},
  pages = {281--294},
  title = {{A method for verifying concurrent Java components based on an analysis of concurrency failures}},
  volume = {19},
  year = {2007}
}


% Chord

@inproceedings{NA07,
  author = {Naik, Mayur and Aiken, Alex},
  booktitle = {Proc. of ACM SIGPLAN-SIGACT Symp. on Principles of Programming Languages (POPL'07)},
  month = {Jan.},
  pages = {327--338},
  title = {{Conditional must not aliasing for static race detection}},
  year = {2007}
}

@inproceedings{NPSG09,
  author = {Naik, Mayur and Park, Chang-Seo and Sen, Koushik and Gay, David},
  booktitle = {Proc. of Int. Conf. on Soft. Eng. (ICSE'09)},
  pages = {386--396},
  publisher = {IEEE},
  title = {{Effective static deadlock detection}},
  year = {2009}
}

@article{HP04,
  author = {Hovemeyer, David and Pugh, William},
  journal = {ACM SIGPLAN Notices},
  month = {Dec.},
  number = {12},
  pages = {92--106},
  title = {{Finding bugs is easy}},
  volume = {39},
  year = {2004}
}

@inproceedings{JNPS09,
  author = {Joshi, Pallavi and Naik, Mayur and Park, C.S. and Sen, Koushik},
  booktitle = {Proc. 21st Int. Conf. on Computer Aided Verification (CAV'09)},
  pages = {675--681},
  publisher = {Springer},
  title = {{Calfuzzer: An extensible active testing framework for concurrent programs}},
  year = {2009}
}

@inproceedings{BJ09,
  author = {Bradbury, {Jeremy S} and Jalbert, Kevin},
  booktitle = {Proc. of the Int. Work. on Software Patterns and Quality (SPAQu'09)},
  pages = {6--11},
  title = {{Defining a Catalog of Programming Anti-Patterns for Concurrent Java}},
  year = {2009}
}

@article{SL05,
  author = {Sutter, Herb and Larus, James},
  journal = {Queue},
  number = {7},
  pages = {54--62},
  publisher = {ACM},
  title = {{Software and the concurrency revolution}},
  volume = {3},
  year = {2005}
}

@inproceedings{CHP91,
  title={{TXL}: A rapid prototyping system for programming language dialects},
  author={Cordy, J.R. and Halpern, C.D. and Promislow, E.},
  booktitle={ Proc. of the Int. Conf. on Computer Languages},
  pages={280--285},
  year={1988},
}

@inproceedings{RTI02,
  author = {{Research Triangle Institute}},
  booktitle = {Program Office Strategic Planning and Economic Group},
  month = {May},
  pages = {309},
  publisher = {National Institute of Standards and Technology},
  title = {{The Economic Impacts of Inadequate Infrastructure for Software Testing. Planning Report 02-3}},
  year = {2002}
}

@inproceedings{CM08,
  author = {Chen, Jun and MacDonald, Steve},
  booktitle = {Proc. of Work. on Parallel and Distributed Sys.: Testing, Analysis, and Debugging (PADTAD'08)},
  pages = {1--9},
  publisher = {ACM},
  title = {{Towards a better collaboration of static and dynamic analyses for testing concurrent programs}},
  year = {2008}
}

@inproceedings{EU04,
author = {Eytani, Yaniv and Ur, Shmuel},
booktitle = {Proc. of Work. on Parallel and Distributed Sys.: Testing, Analysis, and Debugging (PADTAD'04)},
title = {Compiling a Benchmark of Documented Multi-Threaded Bugs},
year = {2004}
}

@article{EHSU06,
  author = {Eytani, Yaniv and Havelund, Klaus and Stoller, Scott D and Ur, Shmuel},
  journal = {Concurrency and Computation: Practice \& Experience},
  number = {3},
  pages = {267--279},
  title = {{Toward a Framework and Benchmark for Testing Tools for Multi-Threaded Programs}},
  volume = {19},
  year = {2006}
}

@inproceedings{RM09,
  author = {Rungta, Neha and Mercer, {Eric G.}},
  booktitle = {Proc. of Work. on Parallel and Distributed Sys.: Testing, Analysis, and Debugging (PADTAD'09)},
  pages = {1--10},
  publisher = {ACM Press},
  title = {{Clash of the Titans: Tools and Techniques for Hunting Bugs in Concurrent Programs}},
  year = {2009}
}

@inproceedings{KLVU10,
  author = {KÅ™ena, Bohuslav and Letko, Zden\v{e}k and Vojnar, Tom\'{a}\v{s} and Ur, Shmuel},
  booktitle = {Proc. of Work. on Parallel and Distributed Sys.: Testing, Analysis, and Debugging (PADTAD'10)},
  pages = {48--58},
  title = {{A platform for search-based testing of concurrent software}},
  year = {2010}
}

@inproceedings{HSU03,
  author = {Havelund, Klaus and Stoller, {Scott D} and Ur, Shmuel},
    title = {Benchmark and Framework for Encouraging Research on Multi-Threaded Testing Tools},
    booktitle = {Proc. of Work. on Parallel and Distributed Sys.: Testing, Analysis, and Debugging (PADTAD'03)},
    year = {2003},
    pages = {22--26}
}

@inproceedings{RDH03,
  author = {Dwyer, M.B. and Hatcliff, J. and others},
  booktitle = {Proc. of the 9th European Software Engineering conference held jointly with 10th ACM SIGSOFT Int. symposium on Foundations of Software Engineering - ESEC/FSE '03},
  pages = {267--276},
  publisher = {ACM Press},
  title = {{Bogor: an extensible and highly-modular software model checking framework}},
  volume = {28},
  year = {2003}
}

@inproceedings{HP00,
  author = {Havelund, Klaus and Pressburger, Thomas},
  booktitle = {Int. J. on Software Tools for Technology Transfer (STTT)},
  pages = {366--381},
  title = {{Model checking Java programs using Java PathFinder}},
  volume = {2},
  year = {2000}
}

@inproceedings{BHPV00,
  author = {Brat, Guillaume and others},
  booktitle = {Proc. of the Work. on Advances in Verification},
  pages = {7},
  title = {{Java PathFinder - A second generation of a Java model checker}},
  year = {2000}
}

@inproceedings{JM04,
  author = {Jones, Michael and Mercer, {Eric G.}},
  booktitle = {Int. SPIN Work. on Software Model Checking (SPINâ€™04)},
  pages = {146--150},
  publisher = {Springer Berlin / Heidelberg},
  title = {{Explicit state model checking with Hopper}},
  year = {2004}
}

@techreport{MQB07,
  author = {Musuvathi, Madanlal and Qadeer, Shaz and Ball, Thomas},
  institution = {Microsoft Research},
  pages = {16},
  publisher = {Microsoft Research},
  title = {{CHESS: A Systematic Testing Tool for Concurrent Software}},
  year = {2007}
}

@inproceedings{OM03,
  author = {Owen, David and Menzies, Tim},
  booktitle = {Proc. of the 15th Int. Conf. on Software Engineering \& Knowledge Engineering (SEKE'03)},
  pages = {158--165},
  title = {{Lurch: a Lightweight Alternative to Model Checking}},
  year = {2003}
}

@article{Holz97,
  author = {Holzmann, {Gerard J.}},
  journal = {IEEE Transactions on Software Engineering},
  month = {May},
  number = {5},
  pages = {279--295},
  title = {{The model checker SPIN}},
  volume = {23},
  year = {1997}
}

@inproceedings{BCD06,
  author = {Bradbury, {Jeremy S.} and Cordy, {James R.} and Dingel, Juergen},
  booktitle = {Proc. of the Work. on Mutation Analysis (Mutation'06)},
  pages = {83-92},
  title = {{Mutation Operators for Concurrent Java (J2SE 5.0)}},
  year = {2006}
}

@inproceedings{PHD11,
  title = {Reading beside the lines: Using indentation to rank revisions by complexity},
  year = {2011},
  author = {Posnett, Daryl and Hindle, Abram and Devanbu, Prem},
  booktitle = {Proc. of the 8th Int. Working Conf. on Mining Software Repositories (MSR'11)},
  pages = {10}
}

@article{FKLV12,
  title={A Uniform Classification of Common Concurrency Errors},
  author={Fiedor, J. and K{\v{r}}ena, B. and Letko, Z. and Vojnar, T.},
  pages={519--526},
  year={2012},
  journal = {Lecture Notes in Computer Science},
  volume = {2012},
  number = {6927}
}

@techreport{ABD+79,
  title={Mutation Analysis},
  author={Acree, A. T. AND T. A. Budd AND R. A. DeMillo AND R. J. Lipton AND F. G. Sayward},
  institution={GIT-ICS-79/08, Georgia Institute of Technology},
  year={1979}
}

@inproceedings{LDFW12,
  author="{Le Goues}, Claire and Dewey-Vogt, Michael and Forrest, Stephanie and Weimer, Westley",
  title="A Systematic Study of Automated Program Repair: Fixing 55 out of 105 bugs for \$8 Each",
  booktitle="Proc. of Int. Conf. on Soft. Eng. (ICSE'12)",
  year="2012",
  pages="3--13"
}

@inproceedings{JSZL+11,
 author = {Jin, Guoliang and others},
 title = {Automated atomicity-violation fixing},
 booktitle = {Proc. of ACM SIGPLAN Conf. on Prog. Lang. Design and Implementation (PLDI '11)},
 year = {2011},
 pages = {389--400},
}

@inproceedings{LZ12,
  title={Axis: automatically fixing atomicity violations through solving control constraints},
  author={Liu, Peng and Zhang, Charles},
  booktitle={Proc. of Int. Conf. on Soft. Eng. (ICSE'12)},
  pages={299--309},
  year={2012},
}
