@article{LSW05,
author = {Long, Brad and Strooper, Paul and Wildman, Luke},
journal = {Concurrency and Computation: Practice and Experience},
number = {3},
pages = {281--294},
title = {{A method for verifying concurrent {Java} components based on an analysis of concurrency failures}},
volume = {19},
year = {2007}
}


@inproceedings{FNWG09,
author = {Forrest, Stephanie and Nguyen, ThanhVu and Weimer, Westley and Goues, Claire Le},
booktitle = {Proc. of Genetic And Evolutionary Computation Conf. (GECCO 2009)},
pages = {947--954},
title = {{A genetic programming approach to automated software repair}},
year = {2009}
}

@inproceedings{AY08,
author = {Arcuri, Andrea and Yao, Xin},
booktitle = {Proc. of IEEE Congress on Evolutionary Computation (CEC 2008)},
pages = {162--168},
title = {{A novel co-evolutionary approach to automatic software bug fixing}},
year = {2008}
}

@inproceedings{Arc08,
author = {Arcuri, Andrea},
booktitle = {Proc. of Int. Conf. on Soft. Eng. (ICSE 2008)},
pages = {1003--1006},
title = {{On the automation of fixing software bugs}},
year = {2008}
}

@inproceedings{Har+10,
author = {Harman, M},
booktitle = {Proc. of 13th Int. Conf. on Fundamental Approaches to Soft. Eng. (FASE 2010)},
pages = {1--12},
title = {{Why the Virtual Nature of Software Makes it Ideal for Search Based Optimization}},
year = {2010}
}

@article{Har10,
author = {Harman, Mark},
journal = {Communications of the ACM},
month = may,
number = {5},
title = {{Automated patching techniques: the fix is in: technical perspective}},
volume = {53},
year = {2010}
}

@inproceedings{KLT+07,
author = {Krena, Bohuslav and Letko, Zdenek and Tzoref-Brill, Rachel and Ur, Shmuel and Vojnar, Tomas},
booktitle = {Proc. of 5th Int. Works. on Parallel and Distributed Systems: Testing, Analysis, and Debugging (PADTAD'07)},
pages = {54--64},
title = {{Healing Data Races On-The-Fly}},
year = {2007}
}

@inproceedings{LVK08,
author = {Letko, Zdenek and Vojnar, Tomas and Krena, Bohuslav},
booktitle = {Proc. of 6th Int. Works. on Parallel and Distributed Systems: Testing, Analysis, and Debugging (PADTAD'08)},
pages = {1--10},
title = {{AtomRace: Data Race and Atomicity Violation Detector and Healer}},
year = {2008}
}

@inproceedings{WT10,
author = {Wilkerson, Josh L. and Tauritz, Daniel},
booktitle = {Proc. of Genetic And Evolutionary Computation Conf. (GECCO 2010)},
pages = {1391--1392},
title = {{Coevolutionary automated software correction}},
year = {2010}
}

@inproceedings{WNLF09,
author = {Weimer, Westley and Nguyen, ThanhVu and {Le Goues}, Claire and Forrest, Stephanie},
booktitle = {Proc. of 31st Int. Conf. on Soft. Eng. (ICSE 2009)},
pages = {364--374},
title = {{Automatically finding patches using genetic programming}},
year = {2009}
}

@article{WFGN10,
author = {Weimer, Westley and Forrest, Stephanie and Goues, Claire Le and Nguyen, ThanhVu},
journal = {Communications of the ACM},
month = may,
number = {5},
title = {{Automatic program repair with evolutionary computation}},
volume = {53},
year = {2010}
}

@inproceedings{NWLF09,
author = {Nguyen, ThanhVu and Weimer, Westley and {Le Goues}, Claire and Forrest, Stephanie},
booktitle = {Proc. of 2nd Int. Works. on Search-Based Soft. Testing (SBST 2009)},
pages = {152--153},
title = {{Using Execution Paths to Evolve Software Patches}},
year = {2009}
}

@article{EFN+02,
author = {Edelstein, Orit and Farchi, Eitan and Nir, Yarden and Ratsaby, Gil and Ur, Shmuel},
journal = {IBM Systems Journal},
number = {1},
pages = {111--125},
title = {Multithreaded {Java} program test generation.},
volume = {41},
year = {2002}
}

@article{AY07, 
title={Model and Program Repair via SAT Solving}, 
url={http://arxiv.org/abs/0710.3332}, 
author={Attie, Paul C and Saklawi, Jad}, 
year={2007}, 
pages={29}
}